@misc{docker-compose:docs,
    howpublished = "\url{https://docs.docker.com/compose/compose-file/compose-file-v2/}",
    title = "Dokumentacja docker-compse, wersja druga",
    author = "Docker inc.",
    note = "Dostęp: 2021-01-02"
}
@misc{dockerfile:docs,
    howpublished = "\url{https://docs.docker.com/engine/reference/builder/}",
    title = "Dokumentacja dockerfile",
    author = "Docker inc.",
    note = "Dostęp: 2021-01-02"
}
@book{hightower2017kubernetes,
    title={Kubernetes: Up and Running: Dive into the Future of Infrastructure},
    author={Hightower, K. and Burns, B. and Beda, J.},
    isbn={9781491936016},
    url={https://books.google.pl/books?id=L5Q0DwAAQBAJ},
    year={2017},
    publisher={O'Reilly Media}
}
